<record><leader>00000cas a22000007a 4500</leader><controlfield tag="001">10471752</controlfield><controlfield tag="008">840229d19841985ksuwr ne      0   a0eng d</controlfield><datafield ind1=" " ind2=" " tag="010"><subfield code="a">sn 84009387 </subfield></datafield><datafield ind1=" " ind2=" " tag="040"><subfield code="a">NSD</subfield><subfield code="b">eng</subfield><subfield code="c">NSD</subfield><subfield code="d">NPT</subfield><subfield code="d">NSD</subfield><subfield code="d">OCLCQ</subfield></datafield><datafield ind1=" " ind2=" " tag="012"><subfield code="m">d</subfield></datafield><datafield ind1="1" ind2=" " tag="022"><subfield code="a">0747-0177</subfield><subfield code="l">0747-0177</subfield><subfield code="2">1</subfield></datafield><datafield ind1=" " ind2=" " tag="037"><subfield code="b">Wellsville Reporter, P.O. Box 415, Wellsville, KS 66092</subfield></datafield><datafield ind1=" " ind2=" " tag="042"><subfield code="a">nsdp</subfield></datafield><datafield ind1=" " ind2="4" tag="222"><subfield code="a">The Wellsville reporter</subfield></datafield><datafield ind1="0" ind2="4" tag="245"><subfield code="a">The Wellsville reporter.</subfield></datafield><datafield ind1=" " ind2=" " tag="260"><subfield code="a">Wellsville, Kan. :</subfield><subfield code="b">Bill Wipperman,</subfield><subfield code="c">1984-1985.</subfield></datafield><datafield ind1=" " ind2=" " tag="300"><subfield code="a">1 v. :</subfield><subfield code="b">ill. ;</subfield><subfield code="c">58 cm.</subfield></datafield><datafield ind1=" " ind2=" " tag="310"><subfield code="a">Weekly</subfield></datafield><datafield ind1="0" ind2=" " tag="362"><subfield code="a">Dec. 14, 1983-Apr. 4, 1984 ; v. 1, issue no. 18 (Apr. 11, 1984)-May 15, 1985.</subfield></datafield><datafield ind1=" " ind2=" " tag="500"><subfield code="a">"1984 progress edition" issued Mar. 7, 1984.</subfield></datafield><datafield ind1=" " ind2=" " tag="752"><subfield code="a">United States</subfield><subfield code="b">Kansas</subfield><subfield code="c">Franklin</subfield><subfield code="d">Wellsville.</subfield></datafield><datafield ind1=" " ind2=" " tag="936"><subfield code="a">Feb. 15, 1984</subfield></datafield></record>